@Misc{TeXFAQ,
  title =	 {{UK} List of {\TeX} Frequently Asked Questions},
  author =	 {{UK \TeX{} Users Group}},
  year =	 2016,
  howpublished = {\url{http://www.tex.ac.uk}}
}

@Manual{Downes04:amsart,
  title =	 {The \textsf{amsart}, \textsf{amsproc}, and
                  \textsf{amsbook} document~classes},
  author =	 {Michael Downes and Barbara Beeton},
  organization = {American Mathematical Society},
  year =	 2004,
  month =	 aug,
  note =	 {\url{http://www.ctan.org/pkg/amslatex}}
}

@Manual{Fiorio15,
  title =	 {{a}lgorithm2e.sty---package for algorithms},
  author =	 {Cristophe Fiorio},
  year =	 2015,
  month =	 oct,
  note =	 {\url{http://www.ctan.org/pkg/algorithm2e}}
}

@Manual{Brito09,
  title =	 {The algorithms bundle},
  author =	 {Rog\'erio Brito},
  year =	 2009,
  month =	 aug,
  note =	 {\url{http://www.ctan.org/pkg/algorithms}}
}

@Manual{Heinz15,
  title =	 {The Listings Package},
  author =	 {Carsten Heinz and Brooks Moses and Jobst Hoffmann},
  year =	 2015,
  month =	 jun,
  note =	 {\url{http://www.ctan.org/pkg/listings}}
}

@Manual{Fear05,
  title =	 {Publication quality tables in {\LaTeX}},
  author =	 {Simon Fear},
  year =	 2005,
  month =	 apr,
  note =	 {\url{http://www.ctan.org/pkg/booktabs}}
}

@Manual{ACMIdentityStandards,
  title =	 {{ACM} Visual Identity Standards},
  organization = {Association for Computing Machinery},
  year =	 2007,
  note =	 {\url{http://identitystandards.acm.org}}
}

@Manual{Sommerfeldt13:Subcaption,
  title =	 {The subcaption package},
  author =	 {Axel Sommerfeldt},
  year =	 2013,
  month =	 apr,
  note =	 {\url{http://www.ctan.org/pkg/subcaption}}
}

@Manual{Nomencl,
  title =	 {A package to create a nomenclature},
  author =	 {Boris Veytsman and Bern Schandl and Lee Netherton
                  and C. V. Radhakrishnan},
  year =	 2005,
  month =	 sep,
  note =	 {\url{http://www.ctan.org/pkg/nomencl}}
}

@Manual{Talbot16:Glossaries,
  title =	 {User Manual for glossaries.sty v4.25},
  author =	 {Nicola L. C. Talbot},
  year =	 2016,
  month =	 jun,
  note =	 {\url{http://www.ctan.org/pkg/subcaption}}
}

@Manual{Carlisle04:Textcase,
  title = 	 {The \textsl{textcase} package},
  author = 	 {David Carlisle},
  month = 	 oct,
  year = 	 2004,
  note = 	 {\url{http://www.ctan.org/pkg/textcase}}
}

@article{ben1999clustering,
  title={Clustering gene expression patterns},
  author={Ben-Dor, Amir and Shamir, Ron and Yakhini, Zohar},
  journal={Journal of computational biology},
  volume={6},
  number={3-4},
  pages={281--297},
  year={1999},
  publisher={Mary Ann Liebert, Inc.}
}

@book{han2011data,
  title={Data mining: concepts and techniques},
  author={Han, Jiawei and Pei, Jian and Kamber, Micheline},
  year={2011},
  Recompile
101

  publisher={Elsevier}
}

@article{coleman1979image,
  title={Image segmentation by clustering},
  author={Coleman, Guy Barrett and Andrews, Harry C},
  journal={Proceedings of the IEEE},
  volume={67},
  number={5},
  pages={773--785},
  year={1979},
  publisher={IEEE}
}

@article{li2016stacked,
  title={Stacked Autoencoder-based deep learning for remote-sensing image classification: a case study of African land-cover mapping},
  author={Li, Weijia and Fu, Haohuan and Yu, Le and Gong, Peng and Feng, Duole and Li, Congcong and Clinton, Nicholas},
  journal={International Journal of Remote Sensing},
  volume={37},
  number={23},
  pages={5632-5646},
  year={2016},
}


@article{landsat,
  title={https://landsat.usgs.gov/},
  author={Landsat-5},
}

@article{kdd,
  title={http://kdd.ics.uci.edu/databases/kddcup99/kddcup99.html},
  author={KDD Cup 1999},
}

@article{uci,
  title={http://archive.ics.uci.edu/ml/datasets.html},
  author={UCI Machine Learning Repository},
}

@article{imgnet,
  title={http://www.image-net.org/challenges/LSVRC/2012/},
  author={ImgNet ILSVRC2012},
}

@article{top500,
  title={https://www.top500.org/lists/2018/06/},
  author={Top500 list.},
}

@article{genedata,
  title={http://www.intgen.org/},
  author={Expression Project for Oncology (expO)},
}





@article{fu2016sunway,
  title={The Sunway TaihuLight supercomputer: system and applications},
  author={Fu, Haohuan and Liao, Junfeng and Yang, Jinzhe and Wang, Lanning and Song, Zhenya and Huang, Xiaomeng and Yang, Chao and Xue, Wei and Liu, Fangfang and Qiao, Fangli and others},
  journal={Science China Information Sciences},
  volume={59},
  number={7},
  pages={072001},
  year={2016},
  publisher={Springer}
}

@article{jiang2004cluster,
  title={Cluster analysis for gene expression data: a survey},
  author={Jiang, Daxin and Tang, Chun and Zhang, Aidong},
  journal={IEEE Transactions on knowledge and data engineering},
  volume={16},
  number={11},
  pages={1370--1386},
  year={2004},
  publisher={IEEE}
}

@book{jain1988algorithms,
  title={Algorithms for clustering data},
  author={Jain, Anil K and Dubes, Richard C},
  year={1988},
  publisher={Prentice-Hall, Inc.}
}

@article{judd1998large,
  title={Large-scale parallel data clustering},
  author={Judd, Dan and McKinley, Philip K and Jain, Anil K},
  journal={IEEE Transactions on Pattern Analysis and Machine Intelligence},
  volume={20},
  number={8},
  pages={871--876},
  year={1998},
  publisher={IEEE}
}

@article{philiplarge,
  title={Large-Scale Parallel Data Clustering},
  author={Philip, K and Anil, K}
}

@incollection{dhillon2002data,
  title={A data-clustering algorithm on distributed memory multiprocessors},
  author={Dhillon, Inderjit S and Modha, Dharmendra S},
  booktitle={Large-scale parallel data mining},
  pages={245--260},
  year={2002},
  publisher={Springer}
}

@misc{clara2nvidia,
  title={NVIDIA, CUDA (Compute Unified DeviceArchitecture) Programming Guide},
  author={Clara, S},
  publisher={Version}
}

@inproceedings{manavski2007cuda,
  title={CUDA compatible GPU as an efficient hardware accelerator for AES cryptography},
  author={Manavski, Svetlin A},
  booktitle={Signal Processing and Communications, 2007. ICSPC 2007. IEEE International Conference on},
  pages={65--68},
  year={2007},
  organization={IEEE}
}


@inproceedings{ryoo2008optimization,
  title={Optimization principles and application performance evaluation of a multithreaded GPU using CUDA},
  author={Ryoo, Shane and Rodrigues, Christopher I and Baghsorkhi, Sara S and Stone, Sam S and Kirk, David B and Hwu, Wen-mei W},
  booktitle={Proceedings of the 13th ACM SIGPLAN Symposium on Principles and practice of parallel programming},
  pages={73--82},
  year={2008},
  organization={ACM}
}


@article{chu2009practical,
  title={Practical random linear network coding on GPUs},
  author={Chu, Xiaowen and Zhao, Kaiyong and Wang, Mea},
  journal={NETWORKING 2009},
  pages={573--585},
  year={2009},
  publisher={Springer}
}


@inproceedings{chu2008massively,
  title={Massively parallel network coding on GPUs},
  author={Chu, Xiaowen and Zhao, Kaiyong and Wang, Mea},
  booktitle={Performance, Computing and Communications Conference, 2008. IPCCC 2008. IEEE International},
  pages={144--151},
  year={2008},
  organization={IEEE}
}

@article{fang2008parallel,
  title={Parallel data mining on graphics processors},
  author={Fang, Wenbin and Lau, Ka Keung and Lu, Mian and Xiao, Xiangye and Lam, Chi Kit and Yang, Philip Yang and He, Bingsheng and Luo, Qiong and Sander, Pedro V and Yang, Ke},
  journal={Hong Kong Univ. Sci. and Technology, Hong Kong, China, Tech. Rep. HKUST-CS08-07},
  year={2008}
}

@article{che2008performance,
  title={A performance study of general-purpose applications on graphics processors using CUDA},
  author={Che, Shuai and Boyer, Michael and Meng, Jiayuan and Tarjan, David and Sheaffer, Jeremy W and Skadron, Kevin},
  journal={Journal of parallel and distributed computing},
  volume={68},
  number={10},
  pages={1370--1380},
  year={2008},
  publisher={Elsevier}
}


@inproceedings{wu2009clustering,
  title={Clustering billions of data points using GPUs},
  author={Wu, Ren and Zhang, Bin and Hsu, Meichun},
  booktitle={Proceedings of the combined workshops on UnConventional high performance computing workshop plus memory access workshop},
  pages={1--6},
  year={2009},
  organization={ACM}
}


@article{pisharath2005nu,
  title={NU-MineBench 2.0},
  author={Pisharath, Jayaprakash and Liu, Ying and Liao, Wei-keng and Choudhary, Alok and Memik, Gokhan and Parhi, Janaki},
  journal={CUCIS Technical Report CUCIS-2005--08--01, Center for Ultra-Scale Computing and Information Security, Northwestern University},
  year={2005}
}


@article{chaturvedi2001k,
  title={K-modes clustering},
  author={Chaturvedi, Anil and Green, Paul E and Caroll, J Douglas},
  journal={Journal of Classification},
  volume={18},
  number={1},
  pages={35--55},
  year={2001},
  publisher={Springer}
}


@article{huang1998extensions,
  title={Extensions to the k-means algorithm for clustering large data sets with categorical values},
  author={Huang, Zhexue},
  journal={Data mining and knowledge discovery},
  volume={2},
  number={3},
  pages={283--304},
  year={1998},
  publisher={Springer}
}

@article{huang1997fast,
  title={A fast clustering algorithm to cluster very large categorical data sets in data mining.},
  author={Huang, Zhexue},
  journal={DMKD},
  volume={3},
  number={8},
  pages={34--39},
  year={1997}
}

@inproceedings{yuan2004new,
  title={A new algorithm to get the initial centroids},
  author={Yuan, Fang and Meng, Zeng-Hui and Zhang, Hong-Xia and Dong, Chun-Ru},
  booktitle={Machine Learning and Cybernetics, 2004. Proceedings of 2004 International Conference on},
  volume={2},
  pages={1191--1193},
  year={2004},
  organization={IEEE}
}


@article{fahim2006efficient,
  title={An efficient enhanced k-means clustering algorithm},
  author={Fahim, AM and Salem, AM and Torkey, F Af and Ramadan, MA},
  journal={Journal of Zhejiang University-Science A},
  volume={7},
  number={10},
  pages={1626--1633},
  year={2006},
  publisher={Springer}
}

@article{rasmussen1989efficiency,
  title={Efficiency of hierarchic agglomerative clustering using the ICL distributed array processor},
  author={Rasmussen, Edie M and Willett, Peter},
  journal={Journal of Documentation},
  volume={45},
  number={1},
  pages={1--24},
  year={1989},
  publisher={MCB UP Ltd}
}

@article{li1989parallel,
  title={Parallel clustering algorithms},
  author={Li, Xiaobo and Fang, Zhixi},
  journal={Parallel Computing},
  volume={11},
  number={3},
  pages={275--290},
  year={1989},
  publisher={Elsevier}
}

@article{olson1995parallel,
  title={Parallel algorithms for hierarchical clustering},
  author={Olson, Clark F},
  journal={Parallel computing},
  volume={21},
  number={8},
  pages={1313--1325},
  year={1995},
  publisher={Elsevier}
}

@inproceedings{zhao2009parallel,
  title={Parallel k-means clustering based on mapreduce},
  author={Zhao, Weizhong and Ma, Huifang and He, Qing},
  booktitle={IEEE International Conference on Cloud Computing},
  pages={674--679},
  year={2009},
  organization={Springer}
}

@inproceedings{li2010speeding,
  title={Speeding up k-means algorithm by gpus},
  author={Li, You and Zhao, Kaiyong and Chu, Xiaowen and Liu, Jiming},
  booktitle={Computer and Information Technology (CIT), 2010 IEEE 10th International Conference on},
  pages={115--122},
  year={2010},
  organization={IEEE}
}

@inproceedings{wu2009clustering,
  title={Clustering billions of data points using GPUs},
  author={Wu, Ren and Zhang, Bin and Hsu, Meichun},
  booktitle={Proceedings of the combined workshops on UnConventional high performance computing workshop plus memory access workshop},
  pages={1--6},
  year={2009},
  organization={ACM}
}

@inproceedings{arthur2007k,
  title={k-means++: The advantages of careful seeding},
  author={Arthur, David and Vassilvitskii, Sergei},
  booktitle={Proceedings of the eighteenth annual ACM-SIAM symposium on Discrete algorithms},
  pages={1027--1035},
  year={2007},
  organization={Society for Industrial and Applied Mathematics}
}

@article{bahmani2012scalable,
  title={Scalable k-means++},
  author={Bahmani, Bahman and Moseley, Benjamin and Vattani, Andrea and Kumar, Ravi and Vassilvitskii, Sergei},
  journal={Proceedings of the VLDB Endowment},
  volume={5},
  number={7},
  pages={622--633},
  year={2012},
  publisher={VLDB Endowment}
}

@article{czumaj2007sublinear,
  title={Sublinear-time approximation algorithms for clustering via random sampling},
  author={Czumaj, Artur and Sohler, Christian},
  journal={Random Structures \& Algorithms},
  volume={30},
  number={1-2},
  pages={226--256},
  year={2007},
  publisher={Wiley Online Library}
}

@article{guha1998approximation,
  title={Approximation algorithms for connected dominating sets},
  author={Guha, Sudipto and Khuller, Samir},
  journal={Algorithmica},
  volume={20},
  number={4},
  pages={374--387},
  year={1998},
  publisher={Springer}
}


@inproceedings{pelleg2000x,
  title={X-means: Extending K-means with Efficient Estimation of the Number of Clusters.},
  author={Pelleg, Dan and Moore, Andrew W and others},
  booktitle={ICML},
  volume={1},
  pages={727--734},
  year={2000}
}

@article{low2012distributed,
  title={Distributed GraphLab: a framework for machine learning and data mining in the cloud},
  author={Low, Yucheng and Bickson, Danny and Gonzalez, Joseph and Guestrin, Carlos and Kyrola, Aapo and Hellerstein, Joseph M},
  journal={Proceedings of the VLDB Endowment},
  volume={5},
  number={8},
  pages={716--727},
  year={2012},
  publisher={VLDB Endowment}
}

@inproceedings{hamerly2010making,
  title={Making k-means even faster},
  author={Hamerly, Greg},
  booktitle={Proceedings of the 2010 SIAM international conference on data mining},
  pages={130--140},
  year={2010},
  organization={SIAM}
}

@inproceedings{newling2016fast,
  title={Fast k-means with accurate bounds},
  author={Newling, James and Fleuret, Fran{\c{c}}ois},
  booktitle={International Conference on Machine Learning},
  pages={936--944},
  year={2016}
}

@inproceedings{newling2016nested,
  title={Nested Mini-Batch K-Means},
  author={Newling, James and Fleuret, Fran{\c{c}}ois},
  booktitle={Advances in Neural Information Processing Systems},
  pages={1352--1360},
  year={2016}
}

@inproceedings{ding2015yinyang,
  title={Yinyang k-means: A drop-in replacement of the classic k-means with consistent speedup},
  author={Ding, Yufei and Zhao, Yue and Shen, Xipeng and Musuvathi, Madanlal and Mytkowicz, Todd},
  booktitle={International Conference on Machine Learning},
  pages={579--587},
  year={2015}
}

@inproceedings{curtin2017dual,
  title={A Dual-Tree Algorithm for Fast k-means Clustering With Large k},
  author={Curtin, Ryan R},
  booktitle={Proceedings of the 2017 SIAM International Conference on Data Mining},
  pages={300--308},
  year={2017},
  organization={SIAM}
}

@inproceedings{shen2017compressed,
  title={Compressed K-Means for Large-Scale Clustering.},
  author={Shen, Xiao-Bo and Liu, Weiwei and Tsang, Ivor W and Shen, Fumin and Sun, Quan-Sen},
  booktitle={AAAI},
  pages={2527--2533},
  year={2017}
}


@inproceedings{bottesch2016speeding,
  title={Speeding up k-means by approximating Euclidean distances via block vectors},
  author={Bottesch, Thomas and B{\"u}hler, Thomas and K{\"a}chele, Markus},
  booktitle={International Conference on Machine Learning},
  pages={2578--2586},
  year={2016}
}

@article{lloyd1982least,
  title={Least squares quantization in PCM},
  author={Lloyd, Stuart},
  journal={IEEE transactions on information theory},
  volume={28},
  number={2},
  pages={129--137},
  year={1982},
  publisher={IEEE}
}

@inproceedings{steinbach2000comparison,
  title={A comparison of document clustering techniques},
  author={Steinbach, Michael and Karypis, George and Kumar, Vipin and others},
  booktitle={KDD workshop on text mining},
  volume={400},
  number={1},
  pages={525--526},
  year={2000},
  organization={Boston}
}

@inproceedings{mahajan2009planar,
  title={The planar k-means problem is NP-hard},
  author={Mahajan, Meena and Nimbhorkar, Prajakta and Varadarajan, Kasturi},
  booktitle={International Workshop on Algorithms and Computation},
  pages={274--285},
  year={2009},
  organization={Springer}
}

@book{dasgupta2008hardness,
  title={The hardness of k-means clustering},
  author={Dasgupta, Sanjoy},
  year={2008},
  publisher={Department of Computer Science and Engineering, University of California, San Diego}
}

@inproceedings{philbin2007object,
  title={Object retrieval with large vocabularies and fast spatial matching},
  author={Philbin, James and Chum, Ondrej and Isard, Michael and Sivic, Josef and Zisserman, Andrew},
  booktitle={Computer Vision and Pattern Recognition, 2007. CVPR'07. IEEE Conference on},
  pages={1--8},
  year={2007},
  organization={IEEE}
}

@inproceedings{zechner2009accelerating,
  title={Accelerating k-means on the graphics processor via cuda},
  author={Zechner, Mario and Granitzer, Michael},
  booktitle={Intensive Applications and Services, 2009. INTENSIVE'09. First International Conference on},
  pages={7--15},
  year={2009},
  organization={IEEE}
}

@inproceedings{elgohary2013approximate,
  title={Approximate nearest centroid embedding for kernel k-means},
  author={Elgohary, Ahmed and Farahat, Ahmed K and Kamel, Mohamed S and Karray, Fakhri},
  booktitle={big Learning Workshop, Advances in Neural Information Processing Systems (NIPS)},
  year={2013}
}

@incollection{dhillon2002data,
  title={A data-clustering algorithm on distributed memory multiprocessors},
  author={Dhillon, Inderjit S and Modha, Dharmendra S},
  booktitle={Large-scale parallel data mining},
  pages={245--260},
  year={2002},
  publisher={Springer}
}


@article{gropp1996high,
  title={A high-performance, portable implementation of the MPI message passing interface standard},
  author={Gropp, William and Lusk, Ewing and Doss, Nathan and Skjellum, Anthony},
  journal={Parallel computing},
  volume={22},
  number={6},
  pages={789--828},
  year={1996},
  publisher={Elsevier}
}

@misc{snir1996mpi,
  title={MPI: The Complete Reference. Scientific and engineering computation series},
  author={Snir, Marc and Otto, Steve and Huss-Lederman, Steven and Walker, David and Dongarra, Jack},
  year={1996},
  publisher={MIT Press, Cambridge, MA}
}

@inproceedings{fang2017swdnn,
  title={swDNN: A Library for Accelerating Deep Learning Applications on Sunway TaihuLight},
  author={Fang, Jiarui and Fu, Haohuan and Zhao, Wenlai and Chen, Bingwei and Zheng, Weijie and Yang, Guangwen},
  booktitle={Parallel and Distributed Processing Symposium (IPDPS), 2017 IEEE International},
  pages={615--624},
  year={2017},
  organization={IEEE}
}

@inproceedings{zechner2009accelerating,
  title={Accelerating k-means on the graphics processor via cuda},
  author={Zechner, Mario and Granitzer, Michael},
  booktitle={Intensive Applications and Services, 2009. INTENSIVE'09. First International Conference on},
  pages={7--15},
  year={2009},
  organization={IEEE}
}

@inproceedings{zhao2009parallel,
  title={Parallel k-means clustering based on mapreduce},
  author={Zhao, Weizhong and Ma, Huifang and He, Qing},
  booktitle={IEEE International Conference on Cloud Computing},
  pages={674--679},
  year={2009},
  organization={Springer}
}

@inproceedings{bohm2017multi,
  title={Multi-core K-means},
  author={B{\"o}hm, Christian and Perdacher, Martin and Plant, Claudia},
  booktitle={Proceedings of the 2017 SIAM International Conference on Data Mining},
  pages={273--281},
  year={2017},
  organization={SIAM}
}

@inproceedings{li2010speeding,
  title={Speeding up k-means algorithm by gpus},
  author={Li, You and Zhao, Kaiyong and Chu, Xiaowen and Liu, Jiming},
  booktitle={Computer and Information Technology (CIT), 2010 IEEE 10th International Conference on},
  pages={115--122},
  year={2010},
  organization={IEEE}
}

@article{torok2017k,
  title={k-MS},
  author={Torok, Leonardo and Liatsis, Panos and Viterbo, Jos and Conci, Aura and others},
  journal={Pattern Recognition},
  volume={66},
  number={C},
  pages={392--403},
  year={2017},
  publisher={Elsevier Science Inc.}
}

@inproceedings{cai2015grouping,
  title={Grouping game players using parallelized k-means on supercomputers},
  author={Cai, Y Dora and Ratan, Rabindra Robby and Shen, Cuihua and Alameda, Jay},
  booktitle={Proceedings of the 2015 XSEDE Conference: Scientific Advancements Enabled by Enhanced Cyberinfrastructure},
  pages={10},
  year={2015},
  organization={ACM}
}

@article{hadian2014high,
  title={High performance parallel k-means clustering for disk-resident datasets on multi-core CPUs},
  author={Hadian, Ali and Shahrivari, Saeed},
  journal={The Journal of Supercomputing},
  volume={69},
  number={2},
  pages={845--863},
  year={2014},
  publisher={Springer}
}

@article{haut2017cloud,
  title={Cloud implementation of the K-means algorithm for hyperspectral image analysis},
  author={Haut, Juan Mario and Paoletti, Mercedes and Plaza, Javier and Plaza, Antonio},
  journal={The Journal of Supercomputing},
  volume={73},
  number={1},
  pages={514--529},
  year={2017},
  publisher={Springer}
}

@inproceedings{bender2015k,
  title={k-Means Clustering on Two-Level Memory Systems},
  author={Bender, Michael A and Berry, Jonathan and Hammond, Simon D and Moore, Branden and Moseley, Benjamin and Phillips, Cynthia A},
  booktitle={Proceedings of the 2015 International Symposium on Memory Systems},
  pages={197--205},
  year={2015},
  organization={ACM}
}

@article{guha2003clustering,
  title={Clustering data streams: Theory and practice},
  author={Guha, Sudipto and Meyerson, Adam and Mishra, Nina and Motwani, Rajeev and O'Callaghan, Liadan},
  journal={IEEE transactions on knowledge and data engineering},
  volume={15},
  number={3},
  pages={515--528},
  year={2003},
  publisher={IEEE}
}

@article{kumar2011parallel,
  title={Parallel k-means clustering for quantitative ecoregion delineation using large data sets},
  author={Kumar, Jitendra and Mills, Richard T and Hoffman, Forrest M and Hargrove, William W},
  journal={Procedia Computer Science},
  volume={4},
  pages={1602--1611},
  year={2011},
  publisher={Elsevier}
}

@article{cui2014optimized,
  title={Optimized big data K-means clustering using MapReduce},
  author={Cui, Xiaoli and Zhu, Pingfei and Yang, Xin and Li, Keqiu and Ji, Changqing},
  journal={The Journal of Supercomputing},
  volume={70},
  number={3},
  pages={1249--1259},
  year={2014},
  publisher={Springer}
}

@article{romero2016unsupervised,
  title={Unsupervised deep feature extraction for remote sensing image classification},
  author={Romero, Adriana and Gatta, Carlo and Camps-Valls, Gustau},
  journal={IEEE Transactions on Geoscience and Remote Sensing},
  volume={54},
  number={3},
  pages={1349--1362},
  year={2016},
  publisher={IEEE}
}

@inproceedings{rossbach2013dandelion,
  title={Dandelion: a compiler and runtime for heterogeneous systems},
  author={Rossbach, Christopher J and Yu, Yuan and Currey, Jon and Martin, Jean-Philippe and Fetterly, Dennis},
  booktitle={Proceedings of the Twenty-Fourth ACM Symposium on Operating Systems Principles},
  pages={49--68},
  year={2013},
  organization={ACM}
}

@article{jin2018high,
  title={A high performance implementation of spectral clustering on cpu-gpu platforms},
  author={Jin, Yu and Jaja, Joseph F},
  journal={arXiv preprint arXiv:1802.04450},
  year={2018}
}

@inproceedings{bhimani2015accelerating,
  title={Accelerating K-Means clustering with parallel implementations and GPU computing},
  author={Bhimani, Janki and Leeser, Miriam and Mi, Ningfang},
  booktitle={High Performance Extreme Computing Conference (HPEC), 2015 IEEE},
  pages={1--6},
  year={2015},
  organization={IEEE}
}

@article{li2016high,
  title={High-performance K-means Implementation based on a Simplified Map-Reduce Architecture},
  author={Li, Zhehao and Jin, Jifang and Wang, Lingli},
  journal={arXiv preprint arXiv:1610.05601},
  year={2016}
}

@article{demir2018deepglobe,
  title={Deepglobe 2018: A challenge to parse the earth through satellite images},
  author={Demir, Ilke and Koperski, Krzysztof and Lindenbaum, David and Pang, Guan and Huang, Jing and Basu, Saikat and Hughes, Forest and Tuia, Devis and Raskar, Ramesh},
  journal={ArXiv e-prints},
  year={2018}
}

@inproceedings{li2018large,
  title={Large-scale hierarchical k-means for heterogeneous many-core supercomputers},
  author={Li, Liandeng and Yu, Teng and Zhao, Wenlai and Fu, Haohuan and Wang, Chenyu and Tan, Li and Yang, Guangwen and Thomson, John},
  booktitle={Proceedings of the International Conference for High Performance Computing, Networking, Storage, and Analysis},
  pages={13},
  year={2018},
  organization={IEEE Press}
}

@article{zhang2012review,
  title={A review on automatic image annotation techniques},
  author={Zhang, Dengsheng and Islam, Md Monirul and Lu, Guojun},
  journal={Pattern Recognition},
  volume={45},
  number={1},
  pages={346--362},
  year={2012},
  publisher={Elsevier}
}

@article{chen2018improved,
  title={An improved optimum-path forest clustering algorithm for remote sensing image segmentation},
  author={Chen, Siya and Sun, Tieli and Yang, Fengqin and Sun, Hongguang and Guan, Yu},
  journal={Computers \& Geosciences},
  volume={112},
  pages={38--46},
  year={2018},
  publisher={Elsevier}
}

@article{lord2017using,
  title={Using the stability of objects to determine the number of clusters in datasets},
  author={Lord, Etienne and Willems, Matthieu and Lapointe, Francois-Joseph and Makarenkov, Vladimir},
  journal={Information Sciences},
  volume={393},
  pages={29--46},
  year={2017},
  publisher={Elsevier}
}

@article{wang2014optimising,
  title={Optimising parallel R correlation matrix calculations on gene expression data using MapReduce},
  author={Wang, Shicai and Pandis, Ioannis and Johnson, David and Emam, Ibrahim and Guitton, Florian and Oehmichen, Axel and Guo, Yike},
  journal={BMC bioinformatics},
  volume={15},
  number={1},
  pages={351},
  year={2014},
  publisher={BioMed Central}
}

@inproceedings{shi2004adaptive,
  title={An adaptive image content representation and segmentation approach to automatic image annotation},
  author={Shi, Rui and Feng, Huamin and Chua, Tat-Seng and Lee, Chin-Hui},
  booktitle={International conference on image and video retrieval},
  pages={545--554},
  year={2004},
  organization={Springer}
}

@article{charikar2004incremental,
  title={Incremental clustering and dynamic information retrieval},
  author={Charikar, Moses and Chekuri, Chandra and Feder, Tom{\'a}s and Motwani, Rajeev},
  journal={SIAM Journal on Computing},
  volume={33},
  number={6},
  pages={1417--1440},
  year={2004},
  publisher={SIAM}
}

@inproceedings{badoiu2002approximate,
  title={Approximate clustering via core-sets},
  author={B{\=a}doiu, Mihai and Har-Peled, Sariel and Indyk, Piotr},
  booktitle={Proceedings of the thiry-fourth annual ACM symposium on Theory of computing},
  pages={250--257},
  year={2002},
  organization={ACM}
}